@misc{aik023earthquake,
  title         = {Earthquake theorem for cluster algebras of finite type},
  author        = {Takeru Asaka and Tsukasa Ishibashi and Shunsuke Kano},
  year          = {2023},
  eprint        = {2206.15226},
  archiveprefix = {arXiv},
  primaryclass  = {math.GT}
}